@misc{Jaureguiberry,
  author = {Ignacio Jaureguiberry},
  title = {Reconocimiento de imágenes en fútbol de robots - Informe de trabajo final para Tiempo Real},
  year = {2011}, 
  
}

@misc{opencvReference,
  author = {OpenCV API Reference},
  howpublished = "\url{http://docs.opencv.org/modules/refman.html}",
  note = "[accedido ultima vez 10-Febrero-2015]"
}

@misc{opencvTutorials,
  author = {OpenCV Tutorials},
  howpublished = "\url{http://docs.opencv.org/doc/tutorials/tutorials.html}",
  note = "[accedido ultima vez 10-Febrero-2015]"
}


@article{pulli2012real,
  title={Real-time computer vision with OpenCV},
  author={Pulli, Kari and Baksheev, Anatoly and Kornyakov, Kirill and Eruhimov, Victor},
  journal={Communications of the ACM},
  volume={55},
  number={6},
  pages={61--69},
  year={2012},
  publisher={ACM}
}

@misc{cudaDoc ,
  author = {NVIDIA CUDA ToolKit Documentation},
  howpublished = "\url{http://docs.nvidia.com/cuda/}",
  note = "[accedido ultima vez 7-Marzo-2015]"
}



@misc{openclDoc ,
  author = {OpenCL standard},
  howpublished = "\url{https://www.khronos.org/opencl/}",
  note = "[accedido ultima vez 7-Marzo-2015]"
}




@InProceedings{Aminot2013,
	author = {Alexandre Aminot and Alexandre Guerre and Julien Peeters and Yves Lhuillier},
	title = {PACHA: Low Cost Bare Metal Development for Shared Memory Manycore Accelerators},
	booktitle = {2013 International Conference on Computational Science},
	pages = {1644--1653},
	year = {2013},
	volume = {18},
	series = {Procedia Computer Science},
	url = {http://www.sciencedirect.com/science/article/pii/S1877050913004754},
	doi = {10.1016/j.procs.2013.05.332},
	issn = {1877-0509},
}

@INPROCEEDINGS{Baumann2009,
	author = {Baumann, Andrew and Barham, Paul and Dagand, Pierre-Evariste and Harris, Tim and Isaacs, Rebecca and Peter, Simon and Roscoe, Timothy and Sch\"{u}pbach, Adrian and Singhania, Akhilesh},
	title = {The Multikernel: A New OS Architecture for Scalable Multicore Systems},
	booktitle = {Proceedings of the ACM SIGOPS 22Nd Symposium on Operating Systems Principles},
	series = {SOSP '09},
	year = {2009},
	isbn = {978-1-60558-752-3},
	location = {Big Sky, Montana, USA},
	pages = {29--44},
	numpages = {16},
	doi = {10.1145/1629575.1629579},
	acmid = {1629579},
	publisher = {ACM},
	address = {New York, NY, USA},
} 

@INPROCEEDINGS{BoydWickizer2008,
	author = {Boyd-Wickizer, Silas and Chen, Haibo and Chen, Rong and Mao, Yandong and Kaashoek, Frans and Morris, Robert and Pesterev, Aleksey and Stein, Lex and Wu, Ming and Dai, Yuehua and Zhang, Yang and Zhang, Zheng},
	title = {Corey: An Operating System for Many Cores},
	booktitle = {Proceedings of the 8th USENIX Conference on Operating Systems Design and Implementation},
	series = {OSDI'08},
	year = {2008},
	location = {San Diego, California},
	pages = {43--57},
	numpages = {15},
	url = {http://dl.acm.org/citation.cfm?id=1855741.1855745},
	acmid = {1855745},
	publisher = {USENIX Association},
	address = {Berkeley, CA, USA},
} 

@INPROCEEDINGS{BoydWickizer2010,
	author = {Boyd-Wickizer, Silas and Clements, Austin T. and Mao, Yandong and Pesterev, Aleksey and Kaashoek, M. Frans and Morris, Robert and Zeldovich, Nickolai},
	title = {An Analysis of Linux Scalability to Many Cores},
	booktitle = {Proceedings of the 9th USENIX Conference on Operating Systems Design and Implementation},
	series = {OSDI'10},
	year = {2010},
	location = {Vancouver, BC, Canada},
	pages = {1--8},
	numpages = {8},
	url = {http://dl.acm.org/citation.cfm?id=1924943.1924944},
	acmid = {1924944},
	publisher = {USENIX Association},
	address = {Berkeley, CA, USA},
} 

@ARTICLE{Cooley1965,
	author = {Cooley, James W. and Tukey, John W.},
	day = {1},
	doi = {10.1090/S0025-5718-1965-0178586-1},
	issn = {0025-5718},
	journal = {Mathematics of Computation},
	keywords = {seminal},
	month = may,
	number = {90},
	pages = {297--301},
	title = {{An algorithm for the machine calculation of complex Fourier series}},
	volume = {19},
	year = {1965}
}

@INPROCEEDINGS{Corey2007,
	author = {Corey Gough, Suresh Siddha, Ken Chen},
	title = {Kernel Scalability - Expanding the Horizon Beyond Fine Grain Locks},
	booktitle = {Proceedings of the 2007 Linux Symposium},
	series = {OLS 2007},
	address = {Ottawa, Ontario Canada},
	date = {June 27th-30th},
	year = {2007},
}

@INPROCEEDINGS{Engler1995,
	author = {Engler, D. R. and Kaashoek, M. F. and O'Toole,Jr., J.},
	title = {Exokernel: An Operating System Architecture for Application-level Resource Management},
	booktitle = {Proceedings of the Fifteenth ACM Symposium on Operating Systems Principles},
	series = {SOSP '95},
	year = {1995},
	isbn = {0-89791-715-4},
	location = {Copper Mountain, Colorado, USA},
	pages = {251--266},
	numpages = {16},
	doi = {10.1145/224056.224076},
	acmid = {224076},
	publisher = {ACM},
	address = {New York, NY, USA},
}

@INPROCEEDINGS{Engler1995b,
	author = {Engler, D.R. and Kaashoek, M.F.},
	booktitle = {Hot Topics in Operating Systems, 1995. (HotOS-V), Proceedings., Fifth Workshop on},
	title = {Exterminate all operating system abstractions},
	year = {1995},
	month = May,
	pages = {78--83},
	doi = {10.1109/HOTOS.1995.513459},
}

@INPROCEEDINGS{Gioiosa2010,
	author={Gioiosa, R. and McKee, S.A. and Valero, M.},
	booktitle={Cluster Computing (CLUSTER), 2010 IEEE International Conference on},
	title={Designing OS for HPC Applications: Scheduling},
	year={2010},
	month={Sept},
	pages={78--87},
	doi={10.1109/CLUSTER.2010.16},
}

@ARTICLE{Kay1988,
	author = {Kay, J. and Lauder, P.},
	title = {A Fair Share Scheduler},
	journal = {Commun. ACM},
	issue_date = {Jan. 1988},
	volume = {31},
	number = {1},
	month = jan,
	year = {1988},
	issn = {0001-0782},
	pages = {44--55},
	numpages = {12},
	doi = {10.1145/35043.35047},
	acmid = {35047},
	publisher = {ACM},
	address = {New York, NY, USA},
}

@INPROCEEDINGS{Lee2004,
	author = {Corey Gough, Suresh Siddha, Ken Chen},
	author = {Ilkyu Lee},
	booktitle = {Proceedings of Computer Measurement Group Australia},
	series = {CMGA 2004},
	year = {2004},
	location = {Australia},
	address = {Chippendale, Australia},
}

@ARTICLE{Nesbit2008,
	author={Nesbit, K.J. and Moreto, M. and Cazorla, F.J. and Ramirez, A. and Valero, M. and Smith, J.E.},
	journal={Micro, IEEE},
	title={Multicore Resource Management},
	year={2008},
	month={May},
	volume={28},
	number={3},
	pages={6-16},
	doi={10.1109/MM.2008.43},
	ISSN={0272-1732},
}

@ARTICLE{Saha2007,
	author = {Saha, Bratin and Adl-Tabatabai, Ali-Reza and Ghuloum, Anwar and Rajagopalan, Mohan and Hudson, Richard L. and Petersen, Leaf and Menon, Vijay and Murphy, Brian and Shpeisman, Tatiana and Sprangle, Eric and Rohillah, Anwar and Carmean, Doug and Fang, Jesse},
	title = {Enabling Scalability and Performance in a Large Scale CMP Environment},
	journal = {SIGOPS Oper. Syst. Rev.},
	issue_date = {June 2007},
	volume = {41},
	number = {3},
	month = mar,
	year = {2007},
	issn = {0163-5980},
	pages = {73--86},
	numpages = {14},
	doi = {10.1145/1272998.1273006},
	acmid = {1273006},
	publisher = {ACM},
	address = {New York, NY, USA},
	keywords = {memory management, multi-core processors, parallel programming, runtime design, scheduler design, sequestered mode, synchronization primitives, transactional memory},
} 

@CONFERENCE{Porter2011,
	author={Porter, D.E. and Boyd-Wickizer, S. and Howell, J. and Olinsky, R. and Hunt, G.C.},
	title={Rethinking the library OS from the top down},
	journal={International Conference on Architectural Support for Programming Languages and Operating Systems - ASPLOS},
	year={2011},
	pages={291-304},
	note={cited By (since 1996)18},
	url={http://www.scopus.com/inward/record.url?eid=2-s2.0-79953113063&partnerID=40&md5=f03f82ff058a56aab6478ae5118f5650},
	document_type={Conference Paper},
	source={Scopus},
}

@BOOK{Tanenbaum2007,
	author = {Tanenbaum, Andrew S.},
	title = {Modern Operating Systems},
	year = {2007},
	isbn = {9780136006633},
	edition = {3rd},
	publisher = {Prentice Hall Press},
	address = {Upper Saddle River, NJ, USA},
} 
